@book{suli2003introduction,
  title={An introduction to numerical analysis},
  author={S{\"u}li, Endre and Mayers, David F},
  year={2003},
  publisher={Cambridge university press}
}

@article{amrein2014adaptive,
  title={An adaptive Newton-method based on a dynamical systems approach},
  author={Amrein, Mario and Wihler, Thomas P},
  journal={Communications in Nonlinear Science and Numerical Simulation},
  volume={19},
  number={9},
  pages={2958--2973},
  year={2014},
  publisher={Elsevier}
}

@article{alexander1991modified,
  title={The modified Newton method in the solution of stiff ordinary differential equations},
  author={Alexander, Roger},
  journal={mathematics of computation},
  volume={57},
  number={196},
  pages={673--701},
  year={1991}
}

@book{deuflhard2005newton,
  title={Newton methods for nonlinear problems: affine invariance and adaptive algorithms},
  author={Deuflhard, Peter},
  volume={35},
  year={2005},
  publisher={Springer Science \& Business Media}
}

@book{braun1983differential,
  title={Differential equations and their applications},
  author={Braun, Martin and Golubitsky, Martin},
  volume={1},
  year={1983},
  publisher={Springer}
}